@article{mccune-1997,
  author = {William McCune},
  title = {Solution of the {R}obbins Problem},
  journal = {J. Auto.\ Reas.},
  volume = 19,
  number = "3",
  pages = {263--276},
  year = 1997}

@article{meng-paulson-2008,
  author = {Jia Meng and Lawrence C. Paulson},
  title = {Translating Higher-Order Clauses to First-Order Clauses},
  journal = {J. Auto.\ Reas.},
  volume = 40,
  number = 1,
  pages = {35--60},
  year = 2008}

@inproceedings{paulson-susanto-2007,
    author = {Lawrence C. Paulson and Kong Woei Susanto},
    booktitle = {TPHOLs 2007},
    editor = {Klaus Schneider and Jens Brandt},
    title = {Source-Level Proof Reconstruction for Interactive Theorem Proving},
    pages = {232--245},
    series = {{LNCS}},
    volume = {4732},
    year = {2007}}

@book{nipkow-et-al-2002,
  author = "Tobias Nipkow and Lawrence C. Paulson and Markus Wenzel",
  title = "{I}sabelle/{HOL}: A Proof Assistant for Higher-Order Logic",
  publisher="Springer",
  series={{LNCS}},
  volume={2283},
  year=2002}

@inproceedings{schulz-2004,
  author = "Stephan Schulz",
  title = "System Description: {E~0.81}",
  booktitle = "IJCAR 2004",
  editor = "David Basin and Micha{\"e}l Rusinowitch",
  publisher="Springer",
  series={{LNAI}},
  volume = 3097,
  pages = "223--228",
  year = 2004}

%%% CHEAT: really inbook?
@inproceedings{weidenbach-2001,
  author = "Christoph Weidenbach",
  title = "Combining Superposition, Sorts and Splitting",
  editor = "Alan Robinson and Andrei Voronkov",
  booktitle = "Handbook of Automated Reasoning",
  pages = "1965--2013",
  publisher = "Elsevier",
  year = 2001}

@article{riazanov-voronkov-2002,
  author = "Alexander Riazanov and Andrei Voronkov",
  title = "The Design and Implementation of {Vampire}",
  journal = "AI Comm.",
  year = 2002,
  volume = 15,
  number ="2--3",
  pages = "91--110"}

@inproceedings{zimmer-et-al-2004,
  author = {J\"urgen Zimmer and Andreas Meier and Geoff Sutcliffe and
            Yuan Zhan},
  title = "Integrated Proof Transformation Services",
  editor = {Christoph Benzm{\"u}ller and Wolfgang Windsteiger},
  booktitle = {Workshop on Computer-Supported Mathematical Theory Development},
  journal   = {Electr.\ Notes Theor.\ Comput.\ Sci.},
  year = 2004}

@inproceedings{hurd-2003,
  author = "Joe Hurd",
  title = "First-Order Proof Tactics in Higher-Order Logic Theorem Provers",
  editor = "Myla Archer and Ben {Di~Vito} and C{\'{e}}sar Mu{\~{n}}oz",
  booktitle = "Design and Application of Strategies/\kern.5pt Tactics in Higher Order Logics",
  number = "CP-2003-212448",
  series = "{NASA} Technical Reports",
  pages = "56--68",
  year = 2003}

@InCollection{wenzel-2007,
  author = 	 {Makarius Wenzel},
  title = 	 {{Isabelle/Isar}---A generic framework for human-readable proof documents},
  booktitle = 	 {From Insight to Proof---Festschrift in Honour of Andrzej Trybulec},
  publisher =	 {University of Bia{\l}ystok},
  year =	 2007,
  editor =	 {Roman Matuszewski and Anna Zalewska},
  volume =	 {10(23)},
  series =	 {Studies in Logic, Grammar, and Rhetoric}
}
